% This file was created with JabRef 2.7b.
% Encoding: UTF-8

@BOOK{AhSe86,
  title = {Compilers: principles, techniques, and tools},
  publisher = {Addison-Wesley Longman Publishing Co., Inc.},
  year = {1986},
  author = {Alfred V. Aho and Ravi Sethi and Jeffrey D. Ullman},
  address = {Boston, MA, USA},
  isbn = {0-201-10088-6}
}

@ARTICLE{AtBa99,
  author = {Atkins, D and Ball, T and Bruns, G and Cox, K},
  title = {Mawl: A Domain-Specific Language for Form-Based Services},
  journal = {IEEE Transactions on Software Engineering},
  year = {1999},
  volume = {25},
  pages = {334--346},
  number = {3},
  owner = {thomas},
  timestamp = {2012.03.15},
  url = {http://portal.acm.org/citation.cfm?id=316285}
}

@BOOK{Beck03,
  title = {Test-Driven Development: By Example},
  publisher = {Addison-Wesley},
  year = {2003},
  author = {Beck, K.},
  series = {The Addison-Wesley Signature Series},
  isbn = {9780321146533},
  lccn = {2002028037},
  url = {http://books.google.at/books?id=goE1TL0u0dUC}
}

@MISC{Xfor09,
  author = {John M. Boyer},
  title = {XForms 1.1 W3C Recommendation},
  month = {October},
  year = {2009},
  note = {http://www.w3.org/TR/2009/REC-xforms-20091020/},
  owner = {thomas},
  timestamp = {2012.03.16},
  url = {http://www.w3.org/TR/2009/REC-xforms-20091020/}
}

@ARTICLE{BrMo00,
  author = {Brabrand, Claus and Moller, Anders and Ricky, Mikkel and Schwartzbach,
	Michael I},
  title = {PowerForms: Declarative client-side form field validation},
  journal = {World Wide Web Journal},
  year = {2000},
  volume = {3},
  pages = {205--314},
  number = {4},
  url = {http://dx.doi.org/10.1023/B:TOCA.0000003086.83434.b6}
}

@MISC{Chas07,
  author = {Nicholas Chase},
  title = {XForms tip: Using calculations - A standard way to include calculations
	in forms using XForms},
  month = {Jänner},
  year = {2007},
  note = {http://www.ibm.com/developerworks/xml/library/x-xformstipcalculations/index.html},
  owner = {thomas},
  timestamp = {2012.03.16}
}

@ARTICLE{Chom59,
  author = {Noam Chomsky},
  title = {On Certain Formal Properties of Grammars},
  journal = {Information and Control},
  year = {1959},
  volume = {2},
  pages = {137--167},
  number = {2},
  bibsource = {DBLP, http://dblp.uni-trier.de}
}

@MISC{wwwJodaTime,
  author = {Stephen Colebourne},
  title = {Joda Time - Java date and time API},
  note = {http://joda-time.sourceforge.net/}
}

@ARTICLE{VaDe98,
  author = {Arie van Deursen and Paul Klint},
  title = {Little languages: little maintenance},
  journal = {Journal of Software Maintenance},
  year = {1998},
  volume = {10},
  pages = {75--92},
  month = {March},
  acmid = {278005},
  address = {New York, NY, USA},
  doi = {10.1002/(SICI)1096-908X(199803/04)10:2<75::AID-SMR168>3.0.CO;2-5},
  issn = {1040-550X},
  issue = {2},
  numpages = {18},
  publisher = {John Wiley \& Sons, Inc.},
  url = {http://dl.acm.org/citation.cfm?id=278004.278005}
}

@ARTICLE{VaDe00,
  author = {Arie van Deursen and Paul Klint and Joost Visser},
  title = {Domain-specific languages: an annotated bibliography},
  journal = {SIGPLAN Not.},
  year = {2000},
  volume = {35},
  pages = {26--36},
  month = {June},
  acmid = {352035},
  address = {New York, NY, USA},
  doi = {http://doi.acm.org/10.1145/352029.352035},
  issn = {0362-1340},
  issue = {6},
  numpages = {11},
  publisher = {ACM},
  url = {http://doi.acm.org/10.1145/352029.352035}
}

@INCOLLECTION{Esco12,
  author = {Escott, Eban and Strooper, Paul and King, Paul and Hayes, Ian},
  title = {Model-Driven Web Form Validation with UML and OCL},
  booktitle = {Current Trends in Web Engineering},
  publisher = {Springer Berlin / Heidelberg},
  year = {2012},
  editor = {Harth, Andreas and Koch, Nora},
  volume = {7059},
  series = {Lecture Notes in Computer Science},
  pages = {223-235},
  affiliation = {School of Information Technology and Electrical Engineering, The University
	of Queensland, Brisbane, QLD 4072, Australia},
  isbn = {978-3-642-27996-6},
  keyword = {Computer Science},
  owner = {thomas},
  timestamp = {2012.03.21},
  url = {http://dx.doi.org/10.1007/978-3-642-27997-3_23}
}

@MISC{Fowl05,
  author = {Martin Fowler},
  title = {Language Workbenches: The Killer-App for Domain Specific Languages?},
  month = jun,
  year = {2005},
  note = {http://martinfowler.com/articles/languageWorkbench.html}
}

@BOOK{FoPa10,
  title = {{Domain-Specific Languages (Addison-Wesley Signature Series (Fowler))}},
  publisher = {Addison-Wesley Longman},
  year = {2010},
  author = {Martin Fowler and Rebecca Parsons},
  edition = {1},
  month = sep,
  howpublished = {Hardcover},
  isbn = {978-0321712943}
}

@INPROCEEDINGS{GrVi09,
  author = {Danny M. Groenewegen and Eelco Visser},
  title = {Integration of Data Validation and User Interface Concerns in a DSL
	for Web Applications},
  booktitle = {Software Language Engineering, Second International Conference, SLE
	2009, Denver, USA, October, 2009. Revised Selected Short Papers},
  year = {2009},
  editor = {Mark van den Brand and Jeff Gray},
  series = {Lecture Notes in Computer Science},
  publisher = {Springer},
  owner = {thomas},
  timestamp = {2012.03.22}
}

@MISC{JSR-223,
  author = {Mike Grogan},
  title = {JSR-000223 Scripting for the JavaTM Platform (Final Release)},
  month = dec,
  year = {2006},
  note = {http://jcp.org/aboutJava/communityprocess/final/jsr223/index.html},
  url = {http://jcp.org/aboutJava/communityprocess/final/jsr223/index.html}
}

@MISC{wwwSandboxRhino,
  author = {Jani Hartikainen},
  title = {Sandboxing Rhino in Java},
  note = {http://codeutopia.net/blog/2009/01/02/sandboxing-rhino-in-java/}
}

@INPROCEEDINGS{KlSt10,
  author = {Paul Klint and Tijs van der Storm and Jurgen Vinju},
  title = {On the impact of DSL tools on the maintainability of language implementations},
  booktitle = {Proceedings of the Tenth Workshop on Language Descriptions, Tools
	and Applications},
  year = {2010},
  series = {LDTA '10},
  pages = {10:1--10:9},
  address = {New York, NY, USA},
  publisher = {ACM},
  acmid = {1868291},
  articleno = {10},
  doi = {http://doi.acm.org/10.1145/1868281.1868291},
  isbn = {978-1-4503-0063-6},
  keywords = {domain specific languages, language engineering, maintainability,
	tools},
  location = {Paphos, Cyprus},
  numpages = {9},
  url = {http://doi.acm.org/10.1145/1868281.1868291}
}

@INPROCEEDINGS{LaJi07,
  author = {B. Langlois and C. E. Jitia and E. Jouenne},
  title = {{DSL Classification}},
  booktitle = {Proceedings of the 7th OOPSLA Workshop on Domain-Specific Modeling},
  year = {2007},
  citeulike-article-id = {4106465},
  posted-at = {2009-02-26 10:26:24},
  priority = {2}
}

@BOOK{SpLi06,
  title = {Praxiswissen Softwaretest - Testmanagement: Aus- und Weiterbildung
	zum certified Tester ; advanced Level nach ISTQB-Standard},
  publisher = {dpunkt},
  year = {2005},
  author = {Linz, T. and Dussa-Zieger, K. and Spillner, A.},
  isbn = {9783898642750}
}

@ARTICLE{MeHe05,
  author = {Marjan Mernik and Jan Heering and Anthony M. Sloane},
  title = {When and how to develop domain-specific languages},
  journal = {ACM Comput. Surv.},
  year = {2005},
  volume = {37},
  pages = {316--344},
  month = {December},
  acmid = {1118892},
  address = {New York, NY, USA},
  doi = {http://doi.acm.org/10.1145/1118890.1118892},
  issn = {0360-0300},
  issue = {4},
  keywords = {application language, domain analysis, Domain-specific language, language
	development system},
  numpages = {29},
  publisher = {ACM},
  url = {http://doi.acm.org/10.1145/1118890.1118892}
}

@MISC{CoCo99,
  author = {Sun Microsystems},
  title = {Code Conventions for the Java TM Programming Language},
  year = {1999},
  owner = {thomas},
  timestamp = {2012.02.16},
  url = {http://www.oracle.com/technetwork/java/javase/documentation/codeconvtoc-136057.html}
}

@TECHREPORT{HaMo90,
  author = {H. Mossenbock},
  title = {A Generator for Production Quality Compilers},
  year = {1990},
  publisher = {Johannes Kepler Universitat Linz},
  source = {http://www.ncstrl.org:8900/ncstrl/servlet/search?formname=detail\&id=oai\%3Ancstrlh\%3Aulinz\\\\\\\\\\_cs\%3Ancstrl.ulinz\\\\\\\\\\_cs\%2F\%2FCS-SSW-P90-11}
}

@MISC{wwwRhino,
  author = {{Mozilla Foundation}},
  title = {Rhino: JavaScript for Java},
  howpublished = {http://www.mozilla.org/rhino/},
  note = {zuletzt abgerufen am 25.08.2011},
  urldate = {25.08.2011}
}

@ARTICLE{ISTQB1,
  author = {Thomas M{\"u}ller and Armin Beer and Martin Klonk and Rahul Verma},
  title = {Certified Tester - Foundation Level Syllabus},
  year = {2010},
  month = mar,
  editor = {International Software Testing Qualifications Board},
  institution = {International Software Testing Qualifications Board}
}

@MISC{Moes11,
  author = {Hanspeter Mössenböck},
  title = {How to Build Abstract Syntax Trees with Coco/R},
  month = {September},
  year = {2011},
  note = {http://ssw.jku.at/coco/Doc/AST.pdf},
  owner = {thomas},
  timestamp = {2012.03.23}
}

@ARTICLE{NaPr00,
  author = {Nadkarni, Prakash M and Brandt, Cynthia M and Marenco, Luis},
  title = {WebEAV: Automatic Metadata-driven Generation of Web Interfaces to
	Entity-Attribute-Value Databases },
  journal = {Journal of the American Medical Informatics Association},
  year = {2000},
  volume = {7},
  pages = {343-356},
  number = {4},
  doi = {10.1136/jamia.2000.0070343},
  eprint = {http://jamia.bmj.com/content/7/4/343.full.pdf+html},
  owner = {thomas},
  timestamp = {2012.03.21}
}

@MISC{Parr11,
  author = {Terence Parr},
  title = {ANTLR v3 documentation - ANTLR 3 - ANTLR Project},
  year = {2011},
  note = {[Online; 30.11.2011]},
  url = {http://www.antlr.org/wiki/display/ANTLR3/ANTLR+v3+documentation}
}

@BOOK{Parr10,
  title = {{Language Implementation Patterns: Create Your Own Domain-Specific
	and General Programming Languages}},
  publisher = {The Pragmatic Bookshelf},
  year = {2009},
  author = {Terence Parr},
  keywords = {language\_implementation}
}

@BOOK{Parr07,
  title = {The Definitive ANTLR Reference: Building Domain-Specific Languages},
  publisher = {Pragmatic Bookshelf},
  year = {2007},
  author = {Terence Parr},
  series = {Pragmatic Programmers},
  edition = {First},
  month = May
}

@INCOLLECTION{RiGo98,
  author = {Richters, Mark and Gogolla, Martin},
  title = {On Formalizing the UML Object Constraint Language OCL},
  booktitle = {Conceptual Modeling – ER ’98},
  publisher = {Springer Berlin / Heidelberg},
  year = {1998},
  editor = {Ling, Tok-Wang and Ram, Sudha and Li Lee, Mong},
  volume = {1507},
  series = {Lecture Notes in Computer Science},
  pages = {449-464},
  affiliation = {University of Bremen, FB 3, Computer Science Department Postfach 330440,
	D-28334 Bremen Germany},
  isbn = {978-3-540-65189-5},
  keyword = {Computer Science},
  owner = {thomas},
  timestamp = {2012.03.21},
  url = {http://dx.doi.org/10.1007/978-3-540-49524-6_35}
}

@MISC{RuBa08,
  author = {Alex Ruiz and Jeff Bay},
  title = {An Approach to Internal Domain-Specific Languages in Java },
  month = feb,
  year = {2008},
  note = {http://www.infoq.com/articles/internal-dsls-java }
}

@MISC{UEL,
  author = {Ryan Lubke,Jennifer Ball, and Pierre Delisle},
  title = {Unified Expression Language},
  month = aug,
  year = {2005},
  note = {http://java.sun.com/products/jsp/reference/techart/unifiedEL.html},
  url = {http://java.sun.com/products/jsp/reference/techart/unifiedEL.html}
}

@INCOLLECTION{Schl08,
  author = {Holger Schlingloff},
  title = {Zyklensuche in Graphen},
  booktitle = {Taschenbuch der Algorithmen},
  publisher = {Springer Berlin Heidelberg},
  year = {2008},
  series = {eXamen.press},
  pages = {83--93},
  note = {10.1007/978-3-540-76394-9\_9},
  affiliation = {Universit{\"a}t zu Berlin Institut f{\"u}r Informatik Rudower Chaussee
	25 12489 Berlin Deutschland},
  isbn = {978-3-540-76394-9},
  keyword = {Computer Science},
  url = {http://dx.doi.org/10.1007/978-3-540-76394-9_9}
}

@BOOK{SpLi10,
  title = {Basiswissen Softwaretest: Aus- und Weiterbildung zum Certified Tester-
	Foundation Level nach ISTQB-Standard},
  publisher = {Dpunkt.Verlag GmbH},
  year = {2010},
  author = {Spillner, A. and Linz, T.},
  isbn = {9783898646420}
}

@INPROCEEDINGS{WaTa08,
  author = {Walid Taha},
  title = {Domain-Specific Languages},
  booktitle = {Proceedings of International Conference on Computer Engineering and
	Systems (ICCES 2008)},
  year = {2008}
}

@BOOK{Vige10,
  title = {Testen von Software und Embedded Systems: Professionelles Vorgehen
	mit modellbasierten und objektorientierten Ans{\"a}tzen},
  publisher = {Dpunkt.Verlag GmbH},
  year = {2010},
  author = {Vigenschow, U.},
  isbn = {9783898646383}
}

@INPROCEEDINGS{Vis08,
  author = {Eelco Visser},
  title = {{WebDSL}: {A} Case Study in Domain-Specific Language Engineering},
  booktitle = {Generative and Transformational Techniques in Software Engineering
	(GTTSE 2007)},
  year = {2008},
  editor = {R. Lammel and J. Saraiva and J. Visser},
  series = {Lecture Notes in Computer Science},
  publisher = {Springer},
  owner = {thomas},
  timestamp = {2012.03.22}
}

@BOOK{VoWi02,
  title = {Grundlagen der Theoretischen Informatik mit Anwendungen.: Eine Einf{\"u}hrung
	f{\"u}r Studierende der Informatik, Wirtschaftsinformatik und Technischen
	Informatik.},
  publisher = {Vieweg},
  year = {2002},
  author = {Vossen, G. and Witt, K.U.},
  isbn = {9783528131470},
  owner = {thomas},
  timestamp = {2012.03.23},
  url = {http://books.google.at/books?id=iFzYPAAACAAJ}
}

@BOOK{JoWa09,
  title = {Agile testing: how to succeed in an extreme testing environment},
  publisher = {Cambridge University Press},
  year = {2009},
  author = {J. Watkins},
  isbn = {9780521191814},
  lccn = {2009011362},
  url = {http://books.google.at/books?id=RttjPgAACAAJ}
}

@BOOK{Who00,
  title = {Obesity : preventing and managing the global epidemic},
  publisher = { World Health Organization, Geneva : },
  year = { 2000 },
  author = { WHO Consultation on Obesity, and World Health Organization. },
  pages = { xii, 253 p. : },
  isbn = { 9241208945 },
  language = { English },
  owner = {thomas}
}

@MISC{Wiki01,
  author = {Wikipedia},
  title = {Comparison of parser generators --- {W}ikipedia{,} The Free Encyclopedia},
  year = {2011},
  note = {[Online; 29.11.2011]},
  url = {http://en.wikipedia.org/wiki/Comparison_of_parser_generators}
}

@ARTICLE{NiWi77,
  author = {Wirth, Niklaus},
  title = {What can we do about the unnecessary diversity of notation for syntactic
	definitions?},
  journal = {Commun. ACM},
  year = {1977},
  volume = {20},
  pages = {822--823},
  number = {11},
  month = nov,
  acmid = {359883},
  address = {New York, NY, USA},
  doi = {10.1145/359863.359883},
  issn = {0001-0782},
  issue_date = {Nov. 1977},
  keywords = {extended BNF, syntactic description language},
  numpages = {2},
  publisher = {ACM},
  url = {http://doi.acm.org/10.1145/359863.359883}
}

@BOOK{ZuGr04,
  title = {Software Engineering. Mit UML und dem Unified Process},
  publisher = {Pearson Studium},
  year = {2004},
  author = {Wolfgang Zuser and Thomas Grechenig and Monika K{\"o}hle},
  edition = {Auflage: 2., {\"u}berarb. A.}
}

